=LDR  02392cam a22004574a 4500
=001  6170911
=005  20141231004052.0
=008  070524s2007\\\\nyua\\\\\b\\\\001\0\eng\c
=010  \\$a  2007021946
=020  \\$a9780801437588 (cloth : alk. paper)
=020  \\$a080143758X (cloth : alk. paper)
=020  \\$a9780801486524 (pbk. : alk. paper)
=020  \\$a0801486521 (pbk. : alk. paper)
=035  \\$a6170911
=035  \\$a(OCoLC)137305832
=040  \\$aNIC/DLC$cDLC$dBAKER$dBTCTA$dC#P$dYDXCP
=042  \\$apcc
=050  00$aPN1031$b.P8 2007
=082  00$a821.009$222
=100  1\$aPuttenham, George,$d-1590.$0http://id.loc.gov/authorities/names/n50049343$0http://viaf.org/viaf/12653680$0http://dbpedia.org/resource/George_Puttenham
=240  10$aArte of English poesie
=245  14$aThe art of English poesy /$cby George Puttenham ; edited by Frank Whigham and Wayne A. Rebhorn.
=250  \\$aA critical ed.
=260  \\$aIthaca :$bCornell University Press,$c2007.
=300  \\$axii, 498 p. :$bill. ;$c24 cm.
=440  \0$aCornell paperbacks
=500  \\$aGenerally attributed to George Puttenham; has also been attributed to Richard Puttenham and to John, Baron Lumley.
=504  \\$aIncludes bibliographical references (p. 73-87) and index.
=650  \0$aPoetry$vEarly works to 1800.$0http://id.loc.gov/authorities/subjects/sh2008109417
=650  \0$aEnglish poetry$xHistory and criticism.$0http://id.loc.gov/authorities/subjects/sh85043948
=650  \7$aEnglish poetry$2fast$0http://id.worldcat.org/fast/fst00912278
=650  \7$aPoetry$2fast$0http://id.worldcat.org/fast/fst01067691
=650  \4$aPoetry$0http://dbpedia.org/resource/George_Puttenham
=655  \7$aCriticism, interpretation, etc.$2fast$0http://id.worldcat.org/fast/fst01411635
=655  \7$aEarly works$2fast$0http://id.worldcat.org/fast/fst01411636
=700  1\$aPuttenham, Richard,$d1520?-1601?$0http://id.loc.gov/authorities/names/n50049344$0http://viaf.org/viaf/62346076
=700  1\$aLumley, John Lumley,$cBaron,$d1534?-1609.$0http://id.loc.gov/authorities/names/n50080630$0http://viaf.org/viaf/38163710
=700  1\$aWhigham, Frank.$0http://id.loc.gov/authorities/names/n83217977$0http://viaf.org/viaf/19827965
=700  1\$aRebhorn, Wayne A.,$d1943-$0http://id.loc.gov/authorities/names/n77012443$0http://viaf.org/viaf/12431164
=856  41$3Table of contents only$uhttp://www.loc.gov/catdir/toc/ecip0719/2007021946.html
=948  1\$a20071203$bf$dhne2$elts
=948  2\$a20141230$bm$dbatch$elts$xaddfast

