=LDR  03467cam a2200529 a 4500
=001  7550897
=005  20150609121350.0
=008  110420s2011\\\\waua\\\\\b\\\\001\0beng\c
=010  \\$a  2011017270
=020  \\$a9780295991146 (cloth : alk. paper)
=020  \\$a0295991143 (cloth : alk. paper)
=035  \\$a(OCoLC)713189807
=035  \\$a7550897
=040  \\$aNIC/DLC$cDLC$dYDX$dBTCTA$dYDXCP$dBWX$dSINLB
=042  \\$apcc
=043  \\$aa-io---
=050  00$aKNW110.Y37$bL48 2011
=082  00$a340.092$aB$222
=100  1\$aLev, Daniel S.$0http://id.loc.gov/authorities/names/n89641050$0http://viaf.org/viaf/60692082$0http://dbpedia.org/resource/Daniel_Lev$0http://isni.org/isni/0000000082459034
=245  10$aNo concessions :$bthe life of Yap Thiam Hien, Indonesian human rights lawyer /$cDaniel S. Lev ; introduction by Benedict Anderson ; and contributions by Arlene O. Lev ... [et al.].
=260  \\$aSeattle :$bUniversity of Washington Press,$cc2011.
=300  \\$a466 p. :$bill. ;$c24 cm.
=490  1\$aCritical dialogues in Southeast Asian studies
=504  \\$aIncludes bibliographical references and index.
=505  0\$aAceh -- Java -- Batavia -- From Sukabumi to Leiden -- Jakarta -- Hazardous waters -- At sea in peranakan politics -- The Baperki wars -- Out of the ethnic cage -- Into New Order Indonesia -- Early New Order battlefields -- Reform frontiers -- Law as politics : a sidetrip to detention -- Epilogue : a steady course / Arlene O. Lev -- Postscript : New Order landmark cases / Sebastiaan Pompe and Ibrahim Assegaf -- Appendix : defense summation in Asep Suryaman trial / Yap Thiam Hien.
=520  \\$a"A biography of human rights lawyer Yap Thiam Hien (1913-1989) that focuses on the country's contemporary political turmoil and struggle for human rights, the workings of Indonesia's legal system, and the history of the Chinese community there."--Publisher's description.
=600  10$aYap, Thiam Hien,$d1913-1989.$0http://id.loc.gov/authorities/names/n81022602$0http://viaf.org/viaf/45616205
=650  \0$aLawyers$zIndonesia$vBiography.
=650  \0$aChinese$zIndonesia$vBiography.$0http://id.loc.gov/authorities/subjects/sh2009119287
=650  \0$aHuman rights$zIndonesia.$0http://id.loc.gov/authorities/subjects/sh2008105905
=651  \0$aIndonesia$xPolitics and government$y20th century.$0http://id.loc.gov/authorities/subjects/sh85065760
=600  17$aYap, Thiam Hien,$d1913-1989$2fast$0http://id.worldcat.org/fast/fst01757201$0http://viaf.org/viaf/45616205
=648  \7$a1900 - 1999$2fast
=650  \7$aChinese$2fast$0http://id.worldcat.org/fast/fst00857169
=650  \7$aHuman rights$2fast$0http://id.worldcat.org/fast/fst00963285$0http://dbpedia.org/resource/Human_rights
=650  \7$aLawyers$2fast$0http://id.worldcat.org/fast/fst00994346
=650  \7$aPolitical science$2fast$0http://id.worldcat.org/fast/fst01069781
=651  \7$aIndonesia$2fast$0http://id.worldcat.org/fast/fst01209242$0http://id.loc.gov/authorities/names/n80083633
=655  \7$aBiography$2fast$0http://id.worldcat.org/fast/fst01423686
=700  1\$aLev, Arlene O.$q(Arlene Offenhender)$0http://id.loc.gov/authorities/names/no2011063349$0http://viaf.org/viaf/170173828
=830  \0$aCritical dialogues in Southeast Asian studies.$0http://id.loc.gov/authorities/names/n2004058319
=948  0\$a20120112$bi$dbatch$elts$happr
=948  3\$a20120112$hYANKEE$ivalid_008.M
=948  1\$a20120112$bf$ddct6$elts
=948  2\$a20140627$bm$dbatch$elts$xdel9XXtxt
=948  2\$a20150101$bm$dbatch$elts$xaddfast
=948  1\$a20150609$bl$dpaj3$elaw$f?$hgift

