=LDR  03968cam a2200529 i 4500
=001  8276734
=005  20150508113529.0
=008  130618s2013\\\\ja\ab\\\\b\\\\001\0\eng\c
=010  \\$a  2013024655
=016  7\$a016560687$2Uk
=020  \\$a9789280812244 (pbk.)
=020  \\$a9280812246 (pbk.)
=020  \\$z9789280871937 (ebk.)
=035  \\$a(OCoLC)849740958
=035  \\$a8276734
=040  \\$aNIC/DLC$beng$erda$cCOO$dDLC$dOCLCO$dBTCTA$dBDX$dYDXCP$dTFF$dNLGGC$dRCJ$dCDX$dOCLCF$dUKMGB
=042  \\$apcc
=043  \\$aa-em---
=050  00$aJZ5584.T56$bH37 2013
=082  00$a959.8704$223
=100  1\$aHasegawa, Sukehiro,$eauthor.$0http://id.loc.gov/authorities/names/no95048169$0http://viaf.org/viaf/271853430$0http://isni.org/isni/0000000383809384
=245  10$aPrimordial leadership :$bpeacebuilding and national ownership in Timor-Leste /$cSukehiro Hasegawa.
=264  \1$aTokyo$aNew York :$bUnited Nations University Press,$c[2013]
=300  \\$axviii, 300 pages :$billustrations, map ;$c24 cm
=336  \\$atext$2rdacontent
=337  \\$aunmediated$2rdamedia
=338  \\$avolume$2rdacarrier
=504  \\$aIncludes bibliographical references and index.
=520  \\$a"In post-conflict Timor-Leste, primordial leadership proved to be the key to building sustainable peace. It facilitated national ownership and accountability, helping national leaders to successfully turn the security crises of 2006 and 2008 into opportunities for fostering respect for democratic governance. This change in mindset and the ensuing spirit of national unity were instrumental in achieving peace and stability - rather than the externally induced, exclusive efforts in building institutional frameworks for the rule of law and democratic governance. Indeed, while the application of democratic principles is necessary in the long term, it alone is not sufficient for building sustainable peace in an immediate post-conflict period. Timor-Leste was successful only because of its leaders' commitment to national interest, identity and unity; ability to harmonize the universal ideals and principles of governance with local community values and customs; passion and courage to empower others; willingness to pursue the future rather than the past; and capability to transform the mindset and mentality of people"--$cProvided by publisher.
=505  00$gIntroduction --$tBeginning of a peacebuilding mission in Timor-Leste --$tFirst acts of national governance (2002-2004) --$tGrowing tensions in Timorese society --$tInternal conflicts, confrontations and clashes in 2006 --$tTransitional justice : primacy of truth or justice for reconciliation and peace --$tPremature withdrawal of peacekeepers and transition to a sustainable development framework --$tUN mission management --$tLegacy of successful peacebuilding in Timor-Leste.
=650  \0$aPeace-building$zTimor-Leste.
=650  \0$aPolitical leadership$zTimor-Leste.
=610  20$aUnited Nations$zTimor-Leste.$0http://id.loc.gov/authorities/subjects/sh98000836$0http://viaf.org/viaf/144904638
=651  \0$aTimor-Leste$xPolitics and government$y2002-$0http://id.loc.gov/authorities/subjects/sh2004014555
=610  24$aUnited Nations.$0http://viaf.org/viaf/144904638
=610  27$aUnited Nations.$2fast$0http://id.worldcat.org/fast/fst00530351$0http://viaf.org/viaf/144904638
=648  \7$aSince 2002$2fast
=650  \7$aPeace-building.$2fast$0http://id.worldcat.org/fast/fst01055902$0http://dbpedia.org/resource/Peacebuilding
=650  \7$aPolitical leadership.$2fast$0http://id.worldcat.org/fast/fst01069363
=650  \7$aPolitical science.$2fast$0http://id.worldcat.org/fast/fst01069781
=651  \7$aTimor-Leste.$2fast$0http://id.worldcat.org/fast/fst01733528$0http://id.loc.gov/authorities/names/n2002021667$0http://sws.geonames.org/1966436
=948  0\$a20131031$bi$dbatch$elts$happr
=948  3\$a20131031$hYankee$i13301018.mrc
=948  1\$a20131105$bf$dfl31$elts
=948  3\$a20141014$hbatchmatch$iD141011.R647135.mrc
=948  2\$a20141017$bm$dbatch$elts$xdeloclcprefix
=988  \\$abatchmatch
